@manual{QuartusPrimeUserGuide,
  title        = {Intel\textsuperscript{\textregistered} Quartus\textsuperscript{\textregistered} Prime Software User Guides},
  author       = {{Intel Corporation}},
  year         = {2023},
  url          = {https://www.intel.com/content/www/us/en/support/programmable/support-resources/design-software/user-guides.html},
  note         = {Acessado em 15 de março de 2024}
}

@book{Pedroni2010VHDL,
  author    = {Volnei A. Pedroni},
  title     = {Circuit Design and Simulation with VHDL},
  edition   = {2},
  publisher = {The MIT Press},
  year      = {2010},
  isbn      = {9780262014335},
  url       = {https://mitpress.mit.edu/9780262014335/circuit-design-and-simulation-with-vhdl/}
}

@book{d2012vhdl,
  title={VHDL - Descri{\c{c}}{\~a}o e S{\'\i}ntese de Circuitos Digitais},
  author={D'Amore, R.},
  isbn={9788521620549},
  url={https://books.google.com.br/books?id=yG1nLgEACAAJ},
  year={2012},
  publisher={LTC}
}

@misc{YouTube2021descomplica,
  author = "{DesCOMPlica, Oliba!}",
  title = "{Circuito Somador Completo \(Full Adder\) em Detalhes - Soma de Inteiros Positivos com Vários Bits}",
  year = {2021},
  howpublished = "\url{https://www.youtube.com/watch?v=486Rhht8_8U}",
  note = "Acessado em 20 de março de 2024"
}

@misc{YouTube2020luiz,
  author = "{Luis Meira}",
  title = "{Aula 5 Parte 10 Circuito Somador 1 4 e 8 bits}",
  year = {2020},
  howpublished = "\url{https://www.youtube.com/watch?v=eiFXNVBd8LQ}",
  note = "Acessado em 20 de março de 2024"
}

@book{Tocci2007SistemasDigitais,
  author    = {Ronald J. Tocci and Neal S. Widmer and Gregory L. Moss},
  title     = {Sistemas Digitais: Princípios e Aplicações},
  edition   = {11},
  year      = {2007},
  publisher = {Editora Pearson},
  address   = {São Paulo},
  language  = {Portuguese}
}


